@article{adrienko,
  author = {Andrienko, Natalia V. and Andrienko, Gennady L.},
  journal = {IEEE Trans. Vis. Comput. Graph.},
  number = 2,
  pages = {205-219},
  title = {Spatial Generalization and Aggregation of Massive Movement Data},
  volume = 17,
  year = 2011
}

@book{aigner,
  author = {Aigner, Wolfgang and Miksch, Silvia and Schumann, Heidrun and Tominski, Christian},
  keywords = {dblp},
  pages = {1-267},
  publisher = {Springer},
  series = {Human-Computer Interaction Series},
  title = {Visualization of Time-Oriented Data},
  year = 2011
}

@article{rahman2,
year={2015},
journal={Multimedia Tools and Applications},
volume={74},
number={15},
title={Multimedia environment toward analyzing and visualizing live kinematic data for children with Hemiplegia},
author={Rahman, Abdur},
pages={5463-5487}
}

@article{green,
	Author = {D. Green and P. Wilson},
	Journal = {Disability and Rehabilitation},
	Pages = {593-604},
	Title = {Use of virtual reality in rehabilitation of movement in children with hemiplegia - A multiple case study evaluation},
	Volume = {34},
	Year = {2012}
}

@article{brezinka,
	Author = {Brezinka, V.},
	Journal = {Studies in Health Technology and Informatics},
	Pages = {71-76},
	Title = {Treasure hunt - a serious game to support psychotherapeutic treatment of children},
	Volume = {136},
	Year = {2008}
}

@article{rahman,
	Author = {Rahman, Abdur},
	Journal = {International Journal of Distributed Sensor Networks},
	Pages = {12},
	Title = {Multisensor Serious Game-Based Therapy Environment for Hemiplegic Patients},
	Volume = {2015},
	Year = {2015}
}

@article{diloreto,
	Author = {Di Loreto, Ines and Lange, Benoit and Seilles,Antoine and Dyce, William and Andary, Sebastien},
	Journal = {Serious Games Development and Applications},
	Pages = {70-75},
	Title = {Game Design for All: The Example of Hammer and Planks},
	Volume = {8101},
	Year = {2013}
}

@article{Munzner:2009:NMV:1638611.1639181,
 author = {Munzner, Tamara},
 title = {A Nested Model for Visualization Design and Validation},
 journal = {IEEE Trans. Vis. Comput. Graph.},
 volume = {15},
 number = {6},
 year = {2009},
 pages = {921--928}
} 

@article{turdukulov,
 author = {Turdukulov, Ulanbek D. and Kraak, Menno-Jan and Blok, Connie A.},
 title = {Visual Analytics: Designing a Visual Environment for Exploration of Time Series of Remote Sensing Data: In Search for Convective Clouds},
 journal = {Comput. Graph.},
 volume = {31},
 number = {3},
 year = {2007},
 pages = {370--379}
} 

@inproceedings{tominski,
 author = {Tominski, Christian and Schulze-Wollgast, Petra and Schumann, Heidrun},
 title = {3D Information Visualization for Time Dependent Data on Maps},
 booktitle = {Proceedings of the International Conference on Information Visualisation (IV)},
 year = {2005},
 pages = {175--181}
} 

@inproceedings{gatalsky,
 author = {Gatalsky, Peter and Andrienko, Natalia and Andrienko, Gennady},
 title = {Interactive Analysis of Event Data Using Space-Time Cube},
 booktitle = {Proceedings of the International Conference on Information Visualisation (IV)},
 year = {2004},
 pages = {145--152}
} 

@inproceedings{havre,
 author = {Havre, Susan and Hetzler, Beth and Nowell, Lucy},
 title = {ThemeRiver: Visualizing Theme Changes over Time},
 booktitle = {Proceedings of the IEEE Symposium on Information Vizualization (InfoVis)},
 year = {2000},
 pages = {115--123},
 keywords = {visualization metaphors, trend analysis, timeline}
} 

@article{adrienko,
  author = {Andrienko, Natalia V. and Andrienko, Gennady L.},
  journal = {Information Visualization},
  number = 1,
  pages = {3-24},
  timestamp = {2013-02-20T11:36:21.000+0100},
  title = {Visual analytics of movement: An overview of methods, tools and procedures},
  volume = 12,
  year = 2013
}

@book{adrienko_book,
  author = {Andrienko, Gennady L. and Andrienko, Natalia V. and Bak, Peter and Keim, Daniel A. and Wrobel, Stefan},
  publisher = {Springer},
  title = {Visual Analytics of Movement},
  year = 2013
}

@book{okabe,
  author = {Okabe, Atsuyuki and Boots, Barry and Sugihara, Kokichi and Chiu, Sung Nok},
  publisher = {John Wiley and Sons, Inc.},
  series = {Series in Probability and Statistics},
  title = {Spatial Tessellations: Concepts and Applications of {V}oronoi
          Diagrams},
  year = 2000
}

@ARTICLE{bernard2013,
    author = {Bernard, J{\"u}rgen and Wilhelm, Nils and Kr{\"u}ger, Bj{\"o}rn and May, Thorsten and Schreck, Tobias and Kohlhammer, J{\"o}rn},
     title = {MotionExplorer: Exploratory Search in Human Motion Capture Data Based on Hierarchical Aggregation},
   journal = {IEEE Trans. Vis. Comput. Graph.},
    volume = {19},
 	number = {12},
 	pages = {2257--2266},
     year = {2013}
}

@INPROCEEDINGS{patsadu, 
author={Patsadu, O. and Nukoolkit, C. and Watanapa, B.}, 
booktitle={Proceedings of the International Joint Conference on Computer Science and Software Engineering}, 
title={Human gesture recognition using Kinect camera}, 
year={2012}, 
pages={28-32}
}

@article{heryadi,
	Author = {Heryadi, Yaya and Fanany, M. Ivan and Arymurthy, A.M.},
	Journal = {International Journal of Computer Science Issues},
	Pages = {144-149},
	Title = {Grammar of Dance Gesture from Bali Traditional Dance},
	Volume = {9},
	Year = {2012}
}

@inproceedings{raptis,
 author = {Raptis, Michalis and Kirovski, Darko and Hoppe, Hugues},
 title = {Real-time Classification of Dance Gestures from Skeleton Animation},
 booktitle = {Proceedings of the 2011 ACM SIGGRAPH/Eurographics Symposium on Computer Animation},
 year = {2011},
 pages = {147--156}
} 

@article{gavrila,
 author = {Gavrila, D.M},
 title = {The Visual Analysis of Human Movement},
 journal = {Comput. Vis. Image Underst.},
 volume = {73},
 number = {1},
 year = {1999},
 pages = {82--98}
}

@inproceedings{chmelik,
author = {Chmelik, Jiri and Sochor, Jiri},
booktitle = {Proceedings of the Conference on Geometry and Graphics},
pages = {119-124},
title = {Body Motion Visualization in Virtual Environment},
year = {2010}
}

@inproceedings{yuko,
  author = {Tashiro, Yuko and Saitoh, Tsuyoshi},
  booktitle = {Proceedings of the International Conference on Artificial Reality and Telexistence},
  pages = {314-315},
  title = {A Study on Motion Visualization System Using Motion Capture Data},
  year = {2007}
}

@article{bostock,
 author = {Bostock, Michael and Ogievetsky, Vadim and Heer, Jeffrey},
 title = {D3 Data-Driven Documents},
 journal = {IEEE Trans. Vis. Comput. Graph.},
 issue_date = {December 2011},
 volume = {17},
 number = {12},
 year = {2011},
 pages = {2301--2309}
} 

@book{maimon,
 author = {Maimon, Oded and Rokach, Lior},
 title = {Data Mining and Knowledge Discovery Handbook},
 year = {2005},
 publisher = {Springer-Verlag New York, Inc.}
} 

@article{byron,
 author = {Byron, Lee and Wattenberg, Martin},
 title = {Stacked Graphs -- Geometry \& Aesthetics},
 journal = {IEEE Trans. Vis. Comput. Graph.},
 volume = {14},
 number = {6},
 year = {2008},
 issn = {1077-2626},
 pages = {1245--1252}
} 

@article{friendly,
  author = {Friendly, Michael},
  journal = {The American Statistician},
  title = {The history of the cluster heat map},
  year = 2009
}

@inproceedings{alan,
 author = {Dix, Alan and Ellis, Geoffrey},
 title = {Starting Simple: Adding Value to Static Visualisation Through Simple Interaction},
 booktitle = {Proceedings of the Working Conference on Advanced Visual Interfaces (AVI)},
 year = {1998},
 pages = {124--134},
 numpages = {11},
 keywords = {information visualisation, interactive graphics, visual interaction}
} 

@article{huron,
 author = {Huron, S. and Vuillemot, R. and Fekete, J.-D},
 title = {Visual sedimentation},
 journal = {IEEE Trans. Vis. Comput. Graph.},
 volume = {19},
 number = {12},
 year = {2013},
 pages = {2446--2455}
} 